@article{Mccallum2000Automating,
  title={Automating the Construction of Internet Portals with Machine Learning},
  author={Mccallum, Andrew Kachites and Nigam, Kamal and Rennie, Jason and Seymore, Kristie},
  journal={Information Retrieval},
  volume={3},
  number={2},
  pages={127-163},
  year={2000},
}
@inproceedings{Jensen2004Why,
  title={Why collective inference improves relational classification},
  author={Jensen, David and Neville, Jennifer and Gallagher, Brian},
  booktitle={Tenth ACM SIGKDD International Conference on Knowledge Discovery and Data Mining},
  pages={593-598},
  year={2004},
}
@article{Neville2000J,
  title={J. Neville and D. Jensen (2000). Iterative classification in relational data. Proceedings of the AAAI 2000 Workshop Learning Statistical},
  author={Neville, Jennifer and Jensen, David},
  year={2000},
}
@inproceedings{paszke2017automatic,
  title={Automatic differentiation in PyTorch},
  author={Paszke, Adam and Gross, Sam and Chintala, Soumith and Chanan, Gregory and Yang, Edward and DeVito, Zachary and Lin, Zeming and Desmaison, Alban and Antiga, Luca and Lerer, Adam},
  booktitle={NIPS-W},
  year={2017}
}
@Misc{UGMtoolkit,
howpublished = {\url{http://www.cs.ubc.ca/~schmidtm/Software/UGM.html, 2007.}},
title = {UGM: A Matlab toolbox for probabilistic undirected graphical models},
author = {M. Schmidt}
}
@book{gilks1995markov,
  title={Markov chain Monte Carlo in practice},
  author={Gilks, Walter R and Richardson, Sylvia and Spiegelhalter, David},
  year={1995},
  publisher={CRC press}
}
@article{Goodman1961Snowball,
  title={Snowball Sampling},
  author={Goodman, Leo A.},
  journal={Annals of Mathematical Statistics},
  volume={32},
  number={1},
  pages={148-170},
  year={1961},
}
@inproceedings{Wang2010Mining,
  title={Mining advisor-advisee relationships from research publication networks},
  author={Wang, Chi and Han, Jiawei and Jia, Yuntao and Tang, Jie and Zhang, Duo and Yu, Yintao and Guo, Jingyi},
  booktitle={ACM SIGKDD International Conference on Knowledge Discovery and Data Mining, Washington, Dc, Usa, July},
  pages={203-212},
  year={2010},
}
@inproceedings{Li2015Detecting,
  title={Detecting Campaign Promoters on Twitter Using Markov Random Fields},
  author={Li, Huayi and Mukherjee, Arjun and Liu, Bing and Kornfield, Rachel and Emery, Sherry},
  booktitle={IEEE International Conference on Data Mining},
  pages={290-299},
  year={2015},
}
@article{sen2008collective,
  title={Collective classification in network data},
  author={Sen, Prithviraj and Namata, Galileo and Bilgic, Mustafa and Getoor, Lise and Galligher, Brian and Eliassi-Rad, Tina},
  journal={AI magazine},
  volume={29},
  number={3},
  pages={93},
  year={2008}
}
@inproceedings{Taskar2003Link,
  title={Link prediction in relational data},
  author={Taskar, Ben and Wong, Ming Fai and Abbeel, Pieter and Koller, Daphne},
  booktitle={International Conference on Neural Information Processing Systems},
  pages={659-666},
  year={2003},
}
@article{Getoor2010An,
  title={An Introduction to Conditional Random Fields for Relational Learning},
  author={Getoor, L and Taskar, B},
  journal={Foundations & Trends® in Machine Learning},
  volume={4},
  number={4},
  pages={267-373},
  year={2010},
}
@ARTICLE{bowman:reasoning,
	AUTHOR = "Mic Bowman and Saumya K. Debray and Larry L. Peterson",
	TITLE = "Reasoning About Naming Systems",
	JOURNAL = "ACM Trans. Program. Lang. Syst.",
	VOLUME = {15},
	NUMBER = {5},
	PAGES = {795-825},
	MONTH = "November",
	YEAR = {1993}	
}
@inproceedings{preisach2006relational,
  title={Relational ensemble classification},
  author={Preisach, Christine and Schmidt-Thieme, Lars},
  booktitle={null},
  pages={499--509},
  year={2006},
  organization={IEEE}
}
@article{Dietterich2000Ensemble,
  title={Ensemble Methods in Machine Learning},
  author={Dietterich, Thomas G.},
  journal={Proc International Workshgp on Multiple Classifier Systems},
  volume={1857},
  number={1},
  pages={1-15},
  year={2000},
}
@misc{Chakrabarti2002Enhanced,
  title={Enhanced hypertext categorization using hyperlinks},
  author={Chakrabarti, Soumen and Dom, Byron Edward and Indyk, Piotr},
  publisher={ACM},
  pages={307-318},
  year={2002},
}
@inproceedings{Neville2003Learning,
  title={Learning relational probability trees},
  author={Neville, Jennifer and Jensen, David and Friedland, Lisa and Hay, Michael},
  booktitle={ACM SIGKDD International Conference on Knowledge Discovery and Data Mining},
  pages={625-630},
  year={2003},
}
@article{Provost2000Well,
  title={Well-Trained PETs: Improving Probability Estimation Trees},
  author={Provost, Foster},
  year={2000},
}
@inproceedings{neville2003collective,
  title={Collective classification with relational dependency networks},
  author={Neville, Jennifer and Jensen, David},
  booktitle={Proceedings of the Second International Workshop on Multi-Relational Data Mining},
  pages={77--91},
  year={2003},
  organization={Citeseer}
}
@article{F2001Hyperlink,
  title={Hyperlink ensembles: a case study in hypertext classification},
  author={Fürnkranz, Johannes},
  journal={Information Fusion},
  volume={3},
  number={4},
  pages={299-312},
  year={2001},
}
@article{Markowitz1952PORTFOLIO,
  title={PORTFOLIO SELECTION},
  author={Markowitz, Harry},
  journal={Journal of Finance},
  volume={7},
  number={1},
  pages={77-91},
  year={1952},
}
@book{Perrone2015When,
  title={When networks disagree: Ensemble methods for hybrid neural networks},
  author={Perrone, Michael P. and Cooper, Leon N.},
  pages={342-358},
  year={2015},
}
@article{freund1997decision,
  title={A decision-theoretic generalization of on-line learning and an application to boosting},
  author={Freund, Yoav and Schapire, Robert E},
  journal={Journal of computer and system sciences},
  volume={55},
  number={1},
  pages={119--139},
  year={1997},
  publisher={Elsevier}
}
@inproceedings{mcdowell2007case,
  title={Case-Based Collective Classification.},
  author={McDowell, Luke K and Gupta, Kalyan Moy and Aha, David W},
  booktitle={FLAIRS Conference},
  pages={399--404},
  year={2007}
}
@inproceedings{crane2012investigating,
  title={Investigating Markov Logic Networks for Collective Classification.},
  author={Crane, Robert and McDowell, Luke},
  booktitle={ICAART (1)},
  pages={5--15},
  year={2012}
}
@inproceedings{neville2003collective,
  title={Collective classification with relational dependency networks},
  author={Neville, Jennifer and Jensen, David},
  booktitle={Proceedings of the Second International Workshop on Multi-Relational Data Mining},
  pages={77--91},
  year={2003},
  organization={Citeseer}
}
@inproceedings{dinh2012link,
  title={A Link-Based Method for Propositionalization.},
  author={Dinh, Quang-Thang and Vrain, Christel and Exbrayat, Matthieu},
  booktitle={ILP (Late Breaking Papers)},
  pages={10--25},
  year={2012},
  organization={Citeseer}
}
@inproceedings{Chen2016XGBoost,
  title={XGBoost: A Scalable Tree Boosting System},
  author={Chen, Tianqi and Guestrin, Carlos},
  booktitle={ACM SIGKDD International Conference on Knowledge Discovery and Data Mining},
  pages={785-794},
  year={2016},
}






